<?xml version="1.0" encoding="UTF-8"?>
<collection xmlns:xsi="http://www.w3.org/2001/XMLSchema-instance" xsi:schemaLocation="http://www.loc.gov/MARC21/slim http://www.loc.gov/standards/marcxml/schema/MARC21slim.xsd" xmlns="http://www.loc.gov/MARC21/slim">
<record>
  <leader>02060cam a2200325 a 4500</leader>
  <controlfield tag="001">650291</controlfield>
  <controlfield tag="003">NNC</controlfield>
  <controlfield tag="005">20100307233911.0</controlfield>
  <controlfield tag="008">920921s1887    le            000 0 ara d</controlfield>
  <datafield tag="035" ind1=" " ind2=" ">
    <subfield code="a">(OCoLC)26842969</subfield>
  </datafield>
  <datafield tag="035" ind1=" " ind2=" ">
    <subfield code="a">(OCoLC)ocm26842969</subfield>
  </datafield>
  <datafield tag="035" ind1=" " ind2=" ">
    <subfield code="a">(CStRLIN)NYCG88-B35892</subfield>
  </datafield>
  <datafield tag="035" ind1=" " ind2=" ">
    <subfield code="9">ACV7501CU</subfield>
  </datafield>
  <datafield tag="035" ind1=" " ind2=" ">
    <subfield code="a">(NNC)650291</subfield>
  </datafield>
  <datafield tag="040" ind1=" " ind2=" ">
    <subfield code="a">NN</subfield>
    <subfield code="c">NN</subfield>
  </datafield>
  <datafield tag="066" ind1=" " ind2=" ">
    <subfield code="c">(3</subfield>
  </datafield>
  <datafield tag="100" ind1="1" ind2=" ">
    <subfield code="6">880-01</subfield>
    <subfield code="a">Ṣayrafī, Rashīd Ghāzī ibn Aḥmad ibn Sulaymān.</subfield>
  </datafield>
  <datafield tag="240" ind1="1" ind2="0">
    <subfield code="6">880-02</subfield>
    <subfield code="a">Nujūm al-mushriqāt fī tadbīr al-maskūnāt</subfield>
  </datafield>
  <datafield tag="245" ind1="1" ind2="0">
    <subfield code="6">880-03</subfield>
    <subfield code="a">Kitāb al-nujūm al-mushriqāt fī tadbīr al-maskūnāt :</subfield>
    <subfield code="b">wa-huwá majmūʻ fawāʾid ʻāmmah tataʻallaqa bi-tadbīr al-maskūnāt wa-al-mawt al-ḥaqīqī wa-al-mawt al-ghayr ḥaqīqī wa-ʻilalihi wa-mudāwātihi wa-al-fuṣūl wa-al-miyāh wa-al-hawāʾ wa-maskūnāt al-ḥaywānāt al-ahlīyah wa-ghayr dhalik /</subfield>
    <subfield code="c">jamʻ Rashīd Ghāzī ibn Abū ʻUbayd Aḥmad ibn Sulaymān al-Ṣayrafī al-Sūrī.</subfield>
  </datafield>
  <datafield tag="260" ind1=" " ind2=" ">
    <subfield code="6">880-04</subfield>
    <subfield code="a">Bayrūt :</subfield>
    <subfield code="b">al-Maṭbaʻah al-Adabīyah,</subfield>
    <subfield code="c">1305 [i.e. 1887 or 8]</subfield>
  </datafield>
  <datafield tag="300" ind1=" " ind2=" ">
    <subfield code="a">175 p. ;</subfield>
    <subfield code="c">21 cm.</subfield>
  </datafield>
  <datafield tag="500" ind1=" " ind2=" ">
    <subfield code="a">In Arabic.</subfield>
  </datafield>
  <datafield tag="650" ind1=" " ind2="0">
    <subfield code="a">Medicine, Arab.</subfield>
  </datafield>
  <datafield tag="650" ind1=" " ind2="0">
    <subfield code="a">Critical care medicine.</subfield>
  </datafield>
  <datafield tag="650" ind1=" " ind2="0">
    <subfield code="a">First aid in illness and injury.</subfield>
  </datafield>
  <datafield tag="880" ind1="0" ind2=" ">
    <subfield code="6">100-01/(3/r</subfield>
    <subfield code="a">رشيد غازي بن ابو عبيد احمد بن سليمان الصيرفي السوري.</subfield>
  </datafield>
  <datafield tag="880" ind1="1" ind2="0">
    <subfield code="6">240-02/(3/r</subfield>
    <subfield code="a">نجوم المشرقات في تدبير المسكونات</subfield>
  </datafield>
  <datafield tag="880" ind1="1" ind2="0">
    <subfield code="6">245-03/(3/r</subfield>
    <subfield code="a">كتاب النجوم المشرقات في تدبير المسكونات :</subfield>
    <subfield code="b">وهو مجموع فوائد عامة تتعلق بتدبير المسكونات والموت الحقيقي والموت الغير حقيقي وعلله ومداواته والفصول والمياه والهواء ومسكونات الحيوانات الاهلية وغير ذلك /</subfield>
    <subfield code="c">جمع رشيد غازي بن ابو عبيد احمد الصيرفي السوري.</subfield>
  </datafield>
  <datafield tag="880" ind1=" " ind2=" ">
    <subfield code="6">260-04/(3/r</subfield>
    <subfield code="a">بيروت :</subfield>
    <subfield code="b">المطبعة الادبية،</subfield>
    <subfield code="c">٥٠٣١.</subfield>
  </datafield>
  <datafield tag="955" ind1=" " ind2=" ">
    <subfield code="b">CU59577525</subfield>
    <subfield code="d">off,glx</subfield>
    <subfield code="e">ME06786</subfield>
  </datafield>
</record>
</collection>